@book{Abelson1996,
  added-at = {2012-12-17T22:51:51.000+0100},
  address = {Cambridge},
  author = {Abelson, Harold and Sussman, Gerald Jay and {with~Julie~Sussman}},
  biburl = {https://www.bibsonomy.org/bibtex/211f37613ed3a6705eca058670186d406/gron},
  edition = {2nd~Editon},
  interhash = {775b3d446d8c4e21ec98778a82c025c7},
  intrahash = {11f37613ed3a6705eca058670186d406},
  isbn = {0-262-01153-0},
  keywords = {LexicalAddressing SICP},
  publisher = {MIT Press/McGraw-Hill},
  timestamp = {2012-12-17T22:51:51.000+0100},
  title = {Structure and Interpretation of Computer Programs},
  year = 1996
}